<?xml version="1.0" encoding="UTF-8"?><collection xmlns="http://www.loc.gov/MARC21/slim"><record><leader>00428nam--2200169-i-4500</leader><controlfield tag="001">000025029</controlfield><controlfield tag="002">20161230</controlfield><controlfield tag="005">20161230201035</controlfield><controlfield tag="008">060222s1000------------r-----000-0-eng-d</controlfield><datafield ind1=" " ind2=" " tag="040"><subfield code="a">IFIN-HH</subfield></datafield><datafield ind1=" " ind2=" " tag="080"><subfield code="a">53</subfield></datafield><datafield ind1="1" ind2=" " tag="100"><subfield code="a">Ford, Kenneth W</subfield></datafield><datafield ind1="1" ind2="0" tag="245"><subfield code="a">Basic physics</subfield><subfield code="c">Kenneth w. ford</subfield></datafield><datafield ind1=" " ind2=" " tag="260"><subfield code="a">Waltham, Massachusetts</subfield><subfield code="b">Blaisdell Publ.Co</subfield><subfield code="c">1968</subfield></datafield><datafield ind1=" " ind2=" " tag="300"><subfield code="a">XXII + 968 P</subfield></datafield><datafield ind1=" " ind2=" " tag="852"><subfield code="a">30571</subfield><subfield code="c">53</subfield></datafield><datafield ind1=" " ind2=" " tag="CAT"><subfield code="a">Sys</subfield><subfield code="c">20150219</subfield><subfield code="h">151214</subfield></datafield></record></collection>